<record><leader>00000cas a22000001a 4500</leader><controlfield tag="001">32755002</controlfield><controlfield tag="007">hd afb016baca</controlfield><controlfield tag="007">hd bfb016baaa</controlfield><controlfield tag="008">950703d18861966nyudn nea     0    0cze c</controlfield><datafield ind1=" " ind2=" " tag="010"><subfield code="a">sn 94092470 </subfield></datafield><datafield ind1=" " ind2=" " tag="040"><subfield code="a">NN</subfield><subfield code="b">eng</subfield><subfield code="c">RQM</subfield><subfield code="d">OCLCQ</subfield><subfield code="d">OCLCF</subfield><subfield code="d">OCLCO</subfield><subfield code="d">OCLCQ</subfield></datafield><datafield ind1=" " ind2=" " tag="012"><subfield code="i">9507</subfield></datafield><datafield ind1=" " ind2=" " tag="042"><subfield code="a">pcc</subfield></datafield><datafield ind1=" " ind2=" " tag="043"><subfield code="a">n-us---</subfield></datafield><datafield ind1="0" ind2=" " tag="130"><subfield code="a">New-Yorske&#769; listy (New York, N.Y. : 1886)</subfield></datafield><datafield ind1="1" ind2="0" tag="245"><subfield code="a">New-yorske&#769; listy.</subfield></datafield><datafield ind1=" " ind2=" " tag="260"><subfield code="a">New York [N.Y.] :</subfield><subfield code="b">Daniel Mas&#780;in,</subfield><subfield code="c">-1966.</subfield></datafield><datafield ind1=" " ind2=" " tag="300"><subfield code="a">volumes ;</subfield><subfield code="c">62 cm</subfield></datafield><datafield ind1=" " ind2=" " tag="310"><subfield code="a">Daily (except Sun.)</subfield></datafield><datafield ind1=" " ind2=" " tag="321"><subfield code="a">Daily</subfield></datafield><datafield ind1=" " ind2=" " tag="336"><subfield code="a">text</subfield><subfield code="b">txt</subfield><subfield code="2">rdacontent</subfield></datafield><datafield ind1=" " ind2=" " tag="337"><subfield code="a">microform</subfield><subfield code="b">h</subfield><subfield code="2">rdamedia</subfield></datafield><datafield ind1=" " ind2=" " tag="338"><subfield code="a">microfilm reel</subfield><subfield code="b">hd</subfield><subfield code="2">rdacarrier</subfield></datafield><datafield ind1="1" ind2=" " tag="362"><subfield code="a">Began Aug. 9, 1886.</subfield></datafield><datafield ind1="0" ind2=" " tag="362"><subfield code="a">-r. 5, c&#780;i&#769;s. 27 (8 c&#780;erven. 1966).</subfield></datafield><datafield ind1=" " ind2=" " tag="500"><subfield code="a">Editors: J.V. C&#780;apek and B. Bittener, 1886-&lt;1887&gt;; J.S. C&#780;ada, &lt;1888&gt;-</subfield></datafield><datafield ind1=" " ind2=" " tag="500"><subfield code="a">Subtitles in English: New York news : Bohemian daily.</subfield></datafield><datafield ind1=" " ind2=" " tag="500"><subfield code="a">Publishers vary.</subfield></datafield><datafield ind1=" " ind2=" " tag="515"><subfield code="a">Vol. 93, no. 3 repeated; v. 93, no. 4 omitted.</subfield></datafield><datafield ind1=" " ind2=" " tag="546"><subfield code="a">In Czech.</subfield></datafield><datafield ind1=" " ind2=" " tag="580"><subfield code="a">Originally published daily except Sunday; &lt;1888-1889&gt; published daily including Sunday and Sunday edition is sometimes called: Nede&#780;lni&#769; new-yorske&#769; listy; &lt;1897-1901&gt; Sunday edition is published separately as: Nede&#780;lni&#769; new-yorske&#769; listy.</subfield></datafield><datafield ind1=" " ind2=" " tag="588"><subfield code="a">Description based on: Vol. 1, no. 2 (Aug. 10, 1886).</subfield></datafield><datafield ind1=" " ind2=" " tag="533"><subfield code="a">Microfilm.</subfield><subfield code="m">9 srp. 1886-31 pros. 1936.</subfield><subfield code="b">New York :</subfield><subfield code="c">New York Public Library,</subfield><subfield code="d">[19--]-1981.</subfield><subfield code="e">113 microfilm reels ; 35 mm.</subfield></datafield><datafield ind1=" " ind2="0" tag="650"><subfield code="a">Czechs</subfield><subfield code="z">United States</subfield><subfield code="v">Newspapers.</subfield></datafield><datafield ind1=" " ind2="0" tag="650"><subfield code="a">Czech Americans</subfield><subfield code="v">Newspapers.</subfield></datafield><datafield ind1=" " ind2="4" tag="651"><subfield code="a">New York (N.Y.)</subfield><subfield code="v">Newspapers.</subfield></datafield><datafield ind1=" " ind2="7" tag="650"><subfield code="a">Czech Americans.</subfield><subfield code="2">fast</subfield><subfield code="0">(OCoLC)fst00886333</subfield></datafield><datafield ind1=" " ind2="7" tag="650"><subfield code="a">Czechs.</subfield><subfield code="2">fast</subfield><subfield code="0">(OCoLC)fst00886455</subfield></datafield><datafield ind1=" " ind2="7" tag="651"><subfield code="a">United States.</subfield><subfield code="2">fast</subfield><subfield code="0">(OCoLC)fst01204155</subfield></datafield><datafield ind1=" " ind2="7" tag="655"><subfield code="a">Newspapers.</subfield><subfield code="2">fast</subfield><subfield code="0">(OCoLC)fst01423814</subfield></datafield><datafield ind1=" " ind2=" " tag="752"><subfield code="a">United States</subfield><subfield code="b">New York</subfield><subfield code="c">New York</subfield><subfield code="d">New York.</subfield></datafield><datafield ind1="1" ind2=" " tag="775"><subfield code="t">Nede&#780;lni&#769; new-yorske&#769; listy</subfield><subfield code="w">(DLC)sn 94090424</subfield></datafield><datafield ind1="1" ind2=" " tag="776"><subfield code="c">Original</subfield><subfield code="w">(DLC)sn 83030306</subfield></datafield><datafield ind1="0" ind2="4" tag="785"><subfield code="t">Americke&#769; listy</subfield><subfield code="x">0517-5992</subfield><subfield code="w">(DLC)sn 94088069</subfield></datafield><datafield ind1=" " ind2=" " tag="850"><subfield code="a">NN</subfield><subfield code="a">NN (master)</subfield></datafield><datafield ind1="1" ind2=" " tag="029"><subfield code="a">AU@</subfield><subfield code="b">000011785317</subfield></datafield></record>